
@book{aggarwal_neural_2018,
	location = {Cham, Switzerland},
	title = {Neural networks and deep learning: a textbook},
	isbn = {978-3-319-94462-3},
	shorttitle = {Neural networks and deep learning},
	pagetotal = {xxiii+497},
	publisher = {Springer},
	author = {Aggarwal, Charu C.},
	date = {2018},
	keywords = {Aprenentatge automàtic, Xarxes neuronals (Informàtica)},
}

@book{chollet_deep_2018,
	location = {Shelter Island, New York},
	title = {Deep learning with Python},
	isbn = {978-1-61729-443-3},
	pagetotal = {xxi+361},
	publisher = {Manning Publications Co.},
	author = {Chollet, François},
	date = {2018},
	keywords = {Aprenentatge automàtic, Python (Llenguatge de programació), Xarxes neuronals (Informàtica)},
}

@book{goodfellow_deep_2016,
	location = {Cambridge, Massachusetts},
	title = {Deep learning},
	isbn = {978-0-262-03561-3},
	series = {Adaptive computation and machine learning},
	pagetotal = {xxii+775},
	publisher = {The {MIT} Press},
	author = {Goodfellow, Ian},
	editora = {Bengio, Yoshua and Courville, Aaron},
	editoratype = {collaborator},
	date = {2016},
	keywords = {Algorismes, Aprenentatge automàtic, Xarxes neuronals (Informàtica)},
}

@book{shawe-taylor_kernel_2004,
	location = {Cambridge},
	title = {Kernel methods for pattern analysis},
	isbn = {978-0-521-81397-6},
	pagetotal = {xiv+462},
	publisher = {University Press},
	author = {Shawe-Taylor, John},
	editora = {Cristianini, Nello},
	editoratype = {collaborator},
	date = {2004},
	keywords = {Algorismes, Aprenentatge automàtic, Kernel, Funcions de, Mètodes estadístics, Percepció de formes, Processament de dades, Reconeixement de formes},
}

@book{bishop_pattern_2006,
	location = {New York},
	title = {Pattern recognition and machine learning},
	isbn = {978-0-387-31073-2},
	series = {Information science and statistics},
	pagetotal = {xx+738},
	publisher = {Springer},
	author = {Bishop, Christopher M.},
	date = {2006},
	keywords = {Aprenentatge automàtic, Intel·ligència artificial, Reconeixement de formes (Informàtica)},
}

@book{dobson_introduction_2018,
	location = {Boca Raton},
	edition = {4th edition},
	title = {An Introduction to Generalized Linear Models},
	isbn = {978-1-138-74151-5},
	pagetotal = {376},
	publisher = {Chapman and Hall/{CRC}},
	author = {Dobson, Annette J. and Barnett, Adrian G.},
	date = {2018-04-11},
	file = {Dobson and Barnett - 2018 - An Introduction to Generalized Linear Models.pdf:/home/leix/Documents/Zotero/storage/VPC7H4PJ/Dobson and Barnett - 2018 - An Introduction to Generalized Linear Models.pdf:application/pdf},
}
